@article{Mahapatra:1999:PBP:357783.331677,
    author = {Mahapatra, Nihar R. and Venkatrao, Balakrishna},
    title = {The Processor-memory Bottleneck: Problems and Solutions},
    journal = {Crossroads},
    issue_date = {Spring 1999},
    volume = {5},
    number = {3es},
    month = apr,
    year = {1999},
    issn = {1528-4972},
    articleno = {2},
    url = {http://doi.acm.org/10.1145/357783.331677},
    doi = {10.1145/357783.331677},
    acmid = {331677},
    publisher = {ACM},
    address = {New York, NY, USA},
}

@article{Emma:1997:USP:271819.271826,
    author = {Emma, P. G.},
    title = {Understanding Some Simple Processor-performance Limits},
    journal = {IBM J. Res. Dev.},
    issue_date = {May 1997},
    volume = {41},
    number = {3},
    month = may,
    year = {1997},
    issn = {0018-8646},
    pages = {215--232},
    numpages = {18},
    url = {http://dx.doi.org/10.1147/rd.413.0215},
    doi = {10.1147/rd.413.0215},
    acmid = {271826},
    publisher = {IBM Corp.},
    address = {Riverton, NJ, USA},
} 

@book{Clements:2006:PCH:1214951,
    author = {Clements, Alan},
    title = {Principles of Computer Hardware},
    year = {2006},
    isbn = {0199273138},
    publisher = {Oxford University Press, Inc.},
    address = {New York, NY, USA},
}

@book{fabiandod,
    author = {Fabian, Ricard},
    title = {Data-Oriented Design},
    year = {2013},
    publisher = {DataOrientedDesign.com},
}

@article{Patterson:1997:CIR:623274.624083,
 author = {Patterson, David and Anderson, Thomas and Cardwell, Neal and Fromm, Richard and Keeton, Kimberly and Kozyrakis, Christoforos and Thomas, Randi and Yelick, Katherine},
 title = {A Case for Intelligent RAM},
 journal = {IEEE Micro},
 issue_date = {March 1997},
 volume = {17},
 number = {2},
 month = mar,
 year = {1997},
 issn = {0272-1732},
 pages = {34--44},
 numpages = {11},
 url = {http://dx.doi.org/10.1109/40.592312},
 doi = {10.1109/40.592312},
 acmid = {624083},
 publisher = {IEEE Computer Society Press},
 address = {Los Alamitos, CA, USA},
 keywords = {Microprocessors, DRAMs, "intelligent" RAM, memory, memory performance},
}

@book{gregory2009game,
  title={Game Engine Architecture},
  author={Gregory, J.},
  isbn={9781439879184},
  url={https://books.google.com.br/books?id=az\_Oi9mSSiIC},
  year={2009},
  publisher={Taylor \& Francis}
}

@book{akenine2008real,
  title={Real-Time Rendering, Third Edition},
  author={Akenine-M{\"o}ller, T. and Haines, E. and Hoffman, N.},
  isbn={9781439865293},
  url={https://books.google.com.br/books?id=V1k1V9Ra1FoC},
  year={2008},
  publisher={CRC Press}
}

@book{shreiner2013opengl,
  title={OpenGL Programming Guide: The Official Guide to Learning OpenGL, Version 4.3},
  author={Shreiner, D. and Sellers, G. and Kessenich, J. and Licea-Kane, B.},
  isbn={9780132748438},
  series={OpenGL},
  url={https://books.google.de/books?id=jG4LGmH5RuIC},
  year={2013},
  publisher={Pearson Education}
}

@article{Matsakis:2014:RL:2692956.2663188,
 author = {Matsakis, Nicholas D. and Klock,II, Felix S.},
 title = {The Rust Language},
 journal = {Ada Lett.},
 issue_date = {December 2014},
 volume = {34},
 number = {3},
 month = oct,
 year = {2014},
 issn = {1094-3641},
 pages = {103--104},
 numpages = {2},
 url = {http://doi.acm.org/10.1145/2692956.2663188},
 doi = {10.1145/2692956.2663188},
 acmid = {2663188},
 publisher = {ACM},
 address = {New York, NY, USA},
 keywords = {affine type systems, memory management, rust, systems programming},
}

@incollection{chellappa2008write,
  title={How to write fast numerical code: A small introduction},
  author={Chellappa, Srinivas and Franchetti, Franz and P{\"u}schel, Markus},
  booktitle={Generative and Transformational Techniques in Software Engineering II},
  pages={196--259},
  year={2008},
  publisher={Springer Berlin Heidelberg}
}

@inproceedings{valente2005real,
  title={Real time game loop models for single-player computer games},
  author={Valente, Luis and Conci, Aura and Feij{\'o}, Bruno},
  booktitle={Proceedings of the IV Brazilian Symposium on Computer Games and Digital Entertainment},
  volume={89},
  pages={99},
  year={2005}
}

@book{hughes2014computer,
  title={Computer Graphics: Principles and Practice},
  author={Hughes, J.F. and Foley, J.D.},
  isbn={9780321399526},
  lccn={2012045569},
  series={The systems programming series},
  url={https://books.google.com.br/books?id=OVpsAQAAQBAJ},
  year={2014},
  publisher={Addison-Wesley}
}

@book{Verth:2008,
 author = {Verth, James M. Van and Bishop, Lars M.},
 title = {Essential Mathematics for Games and Interactive Applications, Second Edition: A Programmer's Guide},
 year = {2008},
 isbn = {0123742978, 9780123742971},
 edition = {2},
 publisher = {Morgan Kaufmann Publishers Inc.},
 address = {San Francisco, CA, USA},
}

@article{Beingessner2016,
    author = {Beingessner, Alexis Kenneth},
    title = {You Can't Spell Trust Without Rust},
    journal = {Carleton University, Ottawa},
    year = {2016},
    pages = {83},
    numpages = {83},
    url = {http://www.collectionscanada.gc.ca/obj/thesescanada/vol2/OOCC/TC-OOCC-24633.pdf},
    publisher = {Carleton University, Ottawa},
    address = {Ottawa, Ontario, Canada},
} 

@book{rustdocs,
    author = {Rust},
    title = {The Rust Language Documentation},
    year = {2017},
    publisher = {https://doc.rust-lang.org},
    journal = {https://doc.rust-lang.org},
    url = {https://doc.rust-lang.org},
}

@INPROCEEDINGS{holk2013,
author={E. Holk and M. Pathirage and A. Chauhan and A. Lumsdaine and N. D. Matsakis},
booktitle={2013 IEEE International Symposium on Parallel Distributed Processing, Workshops and Phd Forum},
title={GPU Programming in Rust: Implementing High-Level Abstractions in a Systems-Level Language},
year={2013},
pages={315-324},
keywords={embedded systems;graphics processing units;instruction sets;parallel architectures;parallel processing;CUDA;GPU programming;NVIDIA;OpenCL;data parallel computing;embedded domain specific languages;ergonomic abstractions;graphics processing units;high level abstractions;rust programming language;systems level language;virtual instruction set;Generators;Graphics processing units;Instruction sets;Kernel;Libraries;Programming;GPUs;Harlan;LLVM;Mozilla Rust;PTX},
doi={10.1109/IPDPSW.2013.173},
month={May},
}
