@article{Mahapatra:1999:PBP:357783.331677,
    author = {Mahapatra, Nihar R. and Venkatrao, Balakrishna},
    title = {The Processor-memory Bottleneck: Problems and Solutions},
    journal = {Crossroads},
    issue_date = {Spring 1999},
    volume = {5},
    number = {3es},
    month = apr,
    year = {1999},
    issn = {1528-4972},
    articleno = {2},
    url = {http://doi.acm.org/10.1145/357783.331677},
    doi = {10.1145/357783.331677},
    acmid = {331677},
    publisher = {ACM},
    address = {New York, NY, USA},
}

@article{Emma:1997:USP:271819.271826,
    author = {Emma, P. G.},
    title = {Understanding Some Simple Processor-performance Limits},
    journal = {IBM J. Res. Dev.},
    issue_date = {May 1997},
    volume = {41},
    number = {3},
    month = may,
    year = {1997},
    issn = {0018-8646},
    pages = {215--232},
    numpages = {18},
    url = {http://dx.doi.org/10.1147/rd.413.0215},
    doi = {10.1147/rd.413.0215},
    acmid = {271826},
    publisher = {IBM Corp.},
    address = {Riverton, NJ, USA},
} 

@book{Clements:2006:PCH:1214951,
    author = {Clements, Alan},
    title = {Principles of Computer Hardware},
    year = {2006},
    isbn = {0199273138},
    publisher = {Oxford University Press, Inc.},
    address = {New York, NY, USA},
}

@book{fabiandod,
    author = {Fabian, Ricard},
    title = {Data-Oriented Design},
    year = {2013},
    publisher = {DataOrientedDesign.com},
}

@article{Patterson:1997:CIR:623274.624083,
 author = {Patterson, David and Anderson, Thomas and Cardwell, Neal and Fromm, Richard and Keeton, Kimberly and Kozyrakis, Christoforos and Thomas, Randi and Yelick, Katherine},
 title = {A Case for Intelligent RAM},
 journal = {IEEE Micro},
 issue_date = {March 1997},
 volume = {17},
 number = {2},
 month = mar,
 year = {1997},
 issn = {0272-1732},
 pages = {34--44},
 numpages = {11},
 url = {http://dx.doi.org/10.1109/40.592312},
 doi = {10.1109/40.592312},
 acmid = {624083},
 publisher = {IEEE Computer Society Press},
 address = {Los Alamitos, CA, USA},
 keywords = {Microprocessors, DRAMs, "intelligent" RAM, memory, memory performance},
}

@book{gregory2009game,
  title={Game Engine Architecture},
  author={Gregory, J.},
  isbn={9781439879184},
  url={https://books.google.com.br/books?id=az\_Oi9mSSiIC},
  year={2009},
  publisher={Taylor \& Francis}
}

@book{akenine2008real,
  title={Real-Time Rendering, Third Edition},
  author={Akenine-M{\"o}ller, T. and Haines, E. and Hoffman, N.},
  isbn={9781439865293},
  url={https://books.google.com.br/books?id=V1k1V9Ra1FoC},
  year={2008},
  publisher={CRC Press}
}

@book{shreiner2013opengl,
  title={OpenGL Programming Guide: The Official Guide to Learning OpenGL, Version 4.3},
  author={Shreiner, D. and Sellers, G. and Kessenich, J. and Licea-Kane, B.},
  isbn={9780132748438},
  series={OpenGL},
  url={https://books.google.de/books?id=jG4LGmH5RuIC},
  year={2013},
  publisher={Pearson Education}
}

@article{Matsakis:2014:RL:2692956.2663188,
 author = {Matsakis, Nicholas D. and Klock,II, Felix S.},
 title = {The Rust Language},
 journal = {Ada Lett.},
 issue_date = {December 2014},
 volume = {34},
 number = {3},
 month = oct,
 year = {2014},
 issn = {1094-3641},
 pages = {103--104},
 numpages = {2},
 url = {http://doi.acm.org/10.1145/2692956.2663188},
 doi = {10.1145/2692956.2663188},
 acmid = {2663188},
 publisher = {ACM},
 address = {New York, NY, USA},
 keywords = {affine type systems, memory management, rust, systems programming},
}
